<?xml version="1.0" encoding="UTF-8"?><collection xmlns="http://www.loc.gov/MARC21/slim"><record><leader>00608nam--2200205-i-4500</leader><controlfield tag="001">000009599</controlfield><controlfield tag="002">20161230</controlfield><controlfield tag="005">20161230201028</controlfield><controlfield tag="008">060222s1000------------r-----000-0-fre-d</controlfield><datafield ind1=" " ind2=" " tag="040"><subfield code="a">IFIN-HH</subfield></datafield><datafield ind1=" " ind2=" " tag="041"><subfield code="a">fre</subfield></datafield><datafield ind1=" " ind2=" " tag="080"><subfield code="a">539.16</subfield></datafield><datafield ind1="1" ind2=" " tag="100"><subfield code="a">Briere, Michel</subfield></datafield><datafield ind1="1" ind2="0" tag="245"><subfield code="a">Mesures en radioactivite</subfield><subfield code="b">Manuel pratique d'utilisation des rayons nucleaires</subfield><subfield code="c">Michel briere, bernard jouve, robert paulin</subfield></datafield><datafield ind1=" " ind2=" " tag="260"><subfield code="a">Paris</subfield><subfield code="b">Hermann</subfield><subfield code="c">1970</subfield></datafield><datafield ind1=" " ind2=" " tag="300"><subfield code="a">261 P</subfield></datafield><datafield ind1=" " ind2=" " tag="490"><subfield code="a">Actualites Scientifiques Et Industrielles, 1325</subfield></datafield><datafield ind1="1" ind2=" " tag="700"><subfield code="a">Paulin, Robert</subfield></datafield><datafield ind1=" " ind2=" " tag="852"><subfield code="a">33951</subfield><subfield code="c">539.16</subfield></datafield><datafield ind1=" " ind2=" " tag="CAT"><subfield code="a">Sys</subfield><subfield code="c">20120515</subfield><subfield code="h">100928</subfield></datafield></record></collection>